@ARTICLE{cit0day,
AUTHOR="Tony Hunt",
TITLE="Inside the Cit0Day Breach Collection",
YEAR="2020",
URL="https://www.troyhunt.com/inside-the-cit0day-breach-collection/",
}